<?xml version="1.0" encoding="UTF-8"?><collection><record><leader>05972ntm a2200565 a 4500</leader><controlfield tag="001">006781937</controlfield><controlfield tag="003">MiAaHDL</controlfield><controlfield tag="005">20190719000000.0</controlfield><controlfield tag="006">m        d        </controlfield><controlfield tag="007">cr bn ---auaua</controlfield><controlfield tag="008">090518q16uu17uuxx            00| ||ara d</controlfield><datafield tag="035" ind1=" " ind2=" "><subfield code="a">(MiU)006781937</subfield></datafield><datafield tag="035" ind1=" " ind2=" "><subfield code="a">sdr-miu006781937</subfield></datafield><datafield tag="040" ind1=" " ind2=" "><subfield code="a">MiU</subfield><subfield code="c">MiU</subfield><subfield code="e">amremm</subfield></datafield><datafield tag="043" ind1=" " ind2=" "><subfield code="a">n-us-mi</subfield></datafield><datafield tag="100" ind1="0" ind2=" "><subfield code="6">880-01</subfield><subfield code="a">Ghazzālī,</subfield><subfield code="d">1058-1111.</subfield></datafield><datafield tag="240" ind1="1" ind2="0"><subfield code="6">880-02</subfield><subfield code="a">Minhāj al-ʻābidīn</subfield></datafield><datafield tag="245" ind1="1" ind2="0"><subfield code="6">880-03</subfield><subfield code="a">Kitāb Minhāj al-ʻābidīn,</subfield><subfield code="f">[17th or 18th century].</subfield></datafield><datafield tag="260" ind1=" " ind2=" "><subfield code="c">[16-- or 17--].</subfield></datafield><datafield tag="300" ind1=" " ind2=" "><subfield code="a">98 leaves :</subfield><subfield code="b">paper ;</subfield><subfield code="c">210 x 145 (170 x 85) mm.</subfield></datafield><datafield tag="500" ind1=" " ind2=" "><subfield code="a">Shelfmark: Ann Arbor, University of Michigan, Special Collections Library, Isl. Ms. 515</subfield></datafield><datafield tag="500" ind1=" " ind2=" "><subfield code="a">Origin: Lacks dated colophon ; paper suggests 17th or 18th century.</subfield></datafield><datafield tag="500" ind1=" " ind2=" "><subfield code="a">Accompanying materials: Acquisitions slip from Yahuda.</subfield></datafield><datafield tag="500" ind1=" " ind2=" "><subfield code="a">Former shelfmark: From spine label and inscription on interior of upper cover, "IL 342 " (likely supplied by Yahuda, see Acquisitions slip) ; "٤٦٧" on tail of textblock.</subfield></datafield><datafield tag="500" ind1=" " ind2=" "><subfield code="a">Binding: Pasteboards covered in red leather ; Type III binding (without flap) ; board linings in yellow paper ; upper and lower covers bear blind-stamped mandorla with vegetal composition (vertical and horizontal symmetry, at center eight-petalled flower) and tooled border consisting of a series of s-shaped stamps ; sewn in white thread, two stations ; worked chevron endbands in yellow and brown ; in fair condition with some abrasion and staining.</subfield></datafield><datafield tag="500" ind1=" " ind2=" "><subfield code="a">Support: European laid paper with 10 laid lines per cm. (vertical), chain lines spaced 25-27 mm. apart, three crescents watermark and a variety of countermarks with 'F' and 'M' (or 'W') ; thick and well-burnished.</subfield></datafield><datafield tag="500" ind1=" " ind2=" "><subfield code="a">Decoration: Section headings and keywords marking subsections (such as قصل) rubricated ; subheadings overlined in red.</subfield></datafield><datafield tag="500" ind1=" " ind2=" "><subfield code="a">Script: Naskh ; clear Turkish [or possibly Iraqi?] hand ; mainly serifless but occasional (inconsistent) right-sloping headserifs appear on initial and medial lām, alif, etc. ; effect of tilt to the left ; many closed counters ; pointing in curved lines (for two and three dots) ; point of final nūn often assimilated with bowl ; rightward descenders tapered ; alif maqṣūrah often mardūdah ; occasionally vocalized.</subfield></datafield><datafield tag="500" ind1=" " ind2=" "><subfield code="a">Layout: Written in 21 lines per page ; frame-ruled.</subfield></datafield><datafield tag="500" ind1=" " ind2=" "><subfield code="a">Collation: 9 V(90), V-4+2 (98), i ; almost entirely regular quinions ; front flyleaf affixed to opening leaf ; catchwords present ; pagination in Western numerals, supplied during digitization (includes insert and back flyleaf).</subfield></datafield><datafield tag="500" ind1=" " ind2=" "><subfield code="a">"Scribal [?]," "triangular," reads: "تم كتاب منهاج العابدين الى الجنة ... تصنيف الامام السعيد حجة الاسلام ابى حامد محمد بن محمد الغزالي برد الله مضجعه ولله الحمد والمنة امين يا معين"</subfield></datafield><datafield tag="500" ind1=" " ind2=" "><subfield code="a">Explicit: "دعتنا الى تصنع وتزين مما سطرناه او كلام نظمناه او علم افدناه ونسأله ان يجعلنا واياكم معشر الاخوان بما علمناه عاملين ولوجهه مريدين وان لا يجعله وبالا علينا ويضعه في ميزان الصالحات اذا ردت اعمالنا اليه انه جواد كريم وهذا ما اوردنا ان نذكره في شرح كيفية سلوك طريق الاخرة وقد وفى بالمقصود والحمد لله الذي بنعمته تتم الصالحات وصلى الله على خير مولد دعا الى افضل معبود محمد النبي واله وسلم تسليما الى يوم الدين"</subfield></datafield><datafield tag="500" ind1=" " ind2=" "><subfield code="a">Incipit: "املى علينا الشيخ الامام السعيد حجة الاسلام ابو حامد محمد بن محمد الغزالي رحمة الله عليه هذا المختصر وهو اخر كتاب صنفه ولم يستمله الا خواص اصحابه واوله الحمد لله الملك الحليم الجواد الكريم العزيز الرحيم الذي فطر السموات والارض بقدرته ..."</subfield></datafield><datafield tag="500" ind1=" " ind2=" "><subfield code="a">Title from heading at opening on p.4.</subfield></datafield><datafield tag="500" ind1=" " ind2=" "><subfield code="a">Ms. codex.</subfield></datafield><datafield tag="510" ind1="4" ind2=" "><subfield code="a">Brockelmann, C. GAL,</subfield><subfield code="c">I 423 no.38</subfield></datafield><datafield tag="520" ind1="8" ind2=" "><subfield code="a">Fine of copy of Minhāj al-ʻābidīn, a work of Ṣūfī thought, attributed to al-Ghazālī. Description provided by Maxim Romanov.</subfield></datafield><datafield tag="538" ind1=" " ind2=" "><subfield code="a">Mode of access: Internet.</subfield></datafield><datafield tag="541" ind1=" " ind2=" "><subfield code="a">Acquired in 1926 from the bookseller Isaac Benjamin S.E. Yahuda via purchase transacted on his behalf by Abraham Shalom Yahuda (1877-1951), his younger brother.</subfield></datafield><datafield tag="546" ind1=" " ind2=" "><subfield code="a">Arabic.</subfield></datafield><datafield tag="561" ind1=" " ind2=" "><subfield code="a">On front flyleaf (now affixed to opening leaf, p.3), ownership statement in the name of one ʻAbd al-Majīd who served in the turbah of al-Aʻẓamīyah, reads "تملكه افقر البرية عبد المجيد خادم تربة الاعظمية ووكيل الخطابة فيها" ; at close, surrounding colophon, ownership statement in name of one ʻAbd al-Ghanī dated 1218 [1803 or 4], reads: "قد تملك هذا الكتاب افقر العباد واحوجهم الى غفران الملك التواب الفقير الحقير والملك لله الواحد الاله الحاج عبد الغني العبد... [؟] عفى الله عنه بفضله وكرمه وذلك حرر ... [؟] في سنة ۱۲۱۸".</subfield></datafield><datafield tag="650" ind1=" " ind2="0"><subfield code="a">Manuscripts, Arabic</subfield><subfield code="z">Michigan</subfield><subfield code="z">Ann Arbor.</subfield></datafield><datafield tag="650" ind1=" " ind2="0"><subfield code="a">Sufism</subfield><subfield code="v">Early works to 1800.</subfield></datafield><datafield tag="650" ind1=" " ind2="0"><subfield code="a">Sufism</subfield><subfield code="x">Doctrines</subfield><subfield code="v">Early works to 1800.</subfield></datafield><datafield tag="650" ind1=" " ind2="0"><subfield code="a">Religious life</subfield><subfield code="x">Islam</subfield><subfield code="v">Early works to 1800.</subfield></datafield><datafield tag="650" ind1=" " ind2="0"><subfield code="a">Islamic ethics</subfield><subfield code="v">Early works to 1800.</subfield></datafield><datafield tag="773" ind1="0" ind2=" "><subfield code="a">Yahuda Collection.</subfield></datafield><datafield tag="880" ind1="1" ind2="0"><subfield code="6">245-03/</subfield><subfield code="a">كتاب منهاج العابدين,</subfield><subfield code="f">[القرن 17 أو 18م].</subfield></datafield><datafield tag="880" ind1="1" ind2="0"><subfield code="6">240-02/</subfield><subfield code="a">منهاج العابدين</subfield></datafield><datafield tag="880" ind1="0" ind2=" "><subfield code="6">100-01/</subfield><subfield code="a">غزالي.</subfield></datafield><datafield tag="CID" ind1=" " ind2=" "><subfield code="a">006781937</subfield></datafield><datafield tag="DAT" ind1="0" ind2=" "><subfield code="a">20190719102635.0</subfield><subfield code="b">20190719000000.0</subfield></datafield><datafield tag="DAT" ind1="1" ind2=" "><subfield code="a">20190719090653.0</subfield><subfield code="b">2019-07-19T16:11:25Z</subfield></datafield><datafield tag="DAT" ind1="2" ind2=" "><subfield code="a">2015-10-10T18:00:06Z</subfield></datafield><datafield tag="CAT" ind1=" " ind2=" "><subfield code="a">SDR-MIU</subfield><subfield code="d">EX LIBRIS - ALEPH</subfield><subfield code="l">prepare.pl-004-008</subfield></datafield><datafield tag="FMT" ind1=" " ind2=" "><subfield code="a">BK</subfield></datafield><datafield tag="HOL" ind1=" " ind2=" "><subfield code="0">sdr-miu006781937</subfield><subfield code="a">MiU</subfield><subfield code="b">SDR</subfield><subfield code="c">MIU</subfield><subfield code="p">mdp.39015079125707</subfield><subfield code="s">MIU</subfield><subfield code="1">006781937</subfield></datafield><datafield tag="974" ind1=" " ind2=" "><subfield code="b">MIU</subfield><subfield code="c">MIU</subfield><subfield code="d">20190719</subfield><subfield code="s">lit-dlps-dc</subfield><subfield code="u">mdp.39015079125707</subfield><subfield code="y">1799</subfield><subfield code="r">pd</subfield><subfield code="q">bib</subfield><subfield code="t">non-US bib date2 &lt; 1896</subfield></datafield></record></collection>